@Booklet{cd,
  title        = {Компакт-диск},
  journal      = {Wikipedia},
  year         = 2022,
  url          = https://ru.wikipedia.org/wiki/Компакт-диск
}

@Article{cnn-best-music-platform,
  author       = {Ural Garret},
  title        = {Best music streaming services in 2022},
  journal      = {cnn},
  year         = 2022,
  month        = oct,
  day          = 17,
  url          =
                  "https://edition.cnn.com/cnn-underscored/reviews/best-music-streaming-service"
}

@Article{dotenv,
  author       = {Андрей Физов},
  title        = {Переменные окружения для Python проектов},
  journal      = {habr},
  year         = 2019,
  month        = {oct},
  day          = 23,
  url          = "https://habr.com/ru/post/472674/"
}

@Article{ixbt-yandex-music,
  author       = {Иван Федучорин},
  title        = {Россияне переключились со Spotify, YouTube Music и
                  Apple Music на <<Яндекс Музыку>>},
  journal      = {ixbt},
  year         = 2022,
  month        = aug,
  day          = 29,
  url          =
                  https://www.ixbt.com/news/2022/08/29/spotify-youtube-music-apple-music.html
}

@Book{napster,
  author       = {John Alderman},
  publisher    = {HareperCollins},
  title        = {Sonic Boom: Napster, P2P and the Battle for the
                  Future of Music},
  isbn         = 9780007404803,
  year         = 2018,
}

@Book{oop-buch,
  author       = {Гради Буч},
  title        = {Объектно-ориентированный анализ и проектирование с
                  примерами приложений на C++},
  publisher    = {Невский диалект},
  year         = 1998,
  series       = {Addison-Wesley Object Technology Series},
  edition      = {Второе Издание},
  pages        = 468,
}

@Book{piracy,
  author       = {Даррен Тодд},
  title        = {Цифровое пиратство. Как пиратство меняет бизнес,
                  общество и культуру},
  publisher    = {Альпина Бизнес Букс},
  year         = 2013,
  isbn         = {978-5-91657-509-5},
  pages        = 320
}

@Book{rest-api,
  author       = {Mark Masse},
  title        = {REST API Design Rulebook},
  publisher    = {O'Reilly Media, Inc.},
  isbn         = 9781449310509,
  year         = 2011,
  month        = {oct},
  pages        = 114
}

@Article{spotify-success-story,
  author       = {Chayanika Goswami and Anik Banerjee},
  title        = {Spotify Success Story: How it Brings Music for
                  Everyone?},
  journal      = {Startup Talky},
  year         = 2022,
  month        = jan,
  day          = 28,
  url          = "https://startuptalky.com/spotify_success_story/"
}

@Article{tg-bots,
  author       = {Сергей Хартпанов},
  title        = {Делаем простого бота в Telegram на
                  Python. Интеграция с Excel},
  journal      = {habr},
  year         = 2021,
  month        = jun,
  day          = 19,
  url          = {https://habr.com/ru/post/568418/}
}

@Article{tg-markdown,
  author       = {Сергей Визинин},
  title        = {Стилизация текста в telegram. Разметка markdown и
                  html},
  journal      = {habr},
  year         = 2022,
  month        = apr,
  day          = 27,
  url          = {https://habr.com/ru/sandbox/170069/}
}

@Article{zvooq-first-in-appstore,
  author       = {Фёдор Пилин},
  title        = {Zvooq пробился в чарты App Store},
  journaltitle = {content-review.com},
  date         = 2014,
  language     = {russian},
  origlanguage = {russian},
  month        = jul,
  url          = {https://www.content-review.com/articles/27888/},
}
